@article{article,
  author =	 {Hu, Guanyu and Bradley, Jonathan},
  year =	 2018,
  month =	 03,
  title =	 {A Bayesian spatial–temporal model with latent
                  multivariate log‐gamma random effects with
                  application to earthquake magnitudes},
  volume =	 7,
  journal =	 {Stat}
}

@article{baddeley2000practical,
  title =	 {Practical maximum pseudolikelihood for spatial point
                  patterns},
  author =	 {Baddeley, Adrian and Turner, Rolf},
  journal =	 {Australian \& New Zealand Journal of Statistics},
  volume =	 42,
  number =	 3,
  pages =	 {283--322},
  year =	 2000,
  publisher =	 {Wiley Online Library}
}

@article{baddeley2005spatstat,
  title =	 {Spatstat: an R package for analyzing spatial point
                  patterns},
  author =	 {Baddeley, Adrian and Turner, Rolf and others},
  journal =	 {Journal of statistical software},
  volume =	 12,
  number =	 6,
  pages =	 {1--42},
  year =	 2005
}

@article{baddeley2012nonparametric,
  title =	 {Nonparametric estimation of the dependence of a
                  spatial point process on spatial covariates},
  author =	 {Baddeley, Adrian and Chang, Ya-Mei and Song, Yong
                  and Turner, Rolf},
  journal =	 {Statistics and its interface},
  volume =	 5,
  number =	 2,
  pages =	 {221--236},
  year =	 2012,
  publisher =	 {International Press of Boston}
}

@misc{baddeley2018spatial,
  title =	 {Spatial Point Pattern analysis, model-fitting,
                  simulation, tests},
  author =	 {Baddeley, Adrian},
  journal =
                  {2014-02-18]. https://cran. r-project. org/web/packages/spatstat},
  year =	 2018
}

@book{banerjee2014hierarchical,
  title =	 {Hierarchical modeling and analysis for spatial data},
  author =	 {Banerjee, Sudipto and Carlin, Bradley P and Gelfand,
                  Alan E},
  year =	 2014,
  publisher =	 {Crc Press}
}

@article{blackwell1973ferguson,
  title =	 {Ferguson distributions via P{\'o}lya urn schemes},
  author =	 {Blackwell, David and MacQueen, James B and others},
  journal =	 {The annals of statistics},
  volume =	 1,
  number =	 2,
  pages =	 {353--355},
  year =	 1973,
  publisher =	 {Institute of Mathematical Statistics}
}

@article{brunsdon1996geographically,
  title =	 {Geographically weighted regression: a method for
                  exploring spatial nonstationarity},
  author =	 {Brunsdon, Chris and Fotheringham, A Stewart and
                  Charlton, Martin E},
  journal =	 {Geographical analysis},
  volume =	 28,
  number =	 4,
  pages =	 {281--298},
  year =	 1996,
  publisher =	 {Wiley Online Library}
}

@article{charpentier2015modeling,
  title =	 {Modeling earthquake dynamics},
  author =	 {Charpentier, Arthur and Durand, Marilou},
  journal =	 {Journal of Seismology},
  volume =	 19,
  number =	 3,
  pages =	 {721--739},
  year =	 2015,
  publisher =	 {Springer}
}

@article{chen1999monte,
  title =	 {Monte Carlo estimation of Bayesian credible and HPD
                  intervals},
  author =	 {Chen, Ming-Hui and Shao, Qi-Man},
  journal =	 {Journal of Computational and Graphical Statistics},
  volume =	 8,
  number =	 1,
  pages =	 {69--92},
  year =	 1999,
  publisher =	 {Taylor \& Francis Group}
}

@book{chen2012monte,
  title =	 {Monte Carlo methods in Bayesian computation},
  author =	 {Chen, Ming-Hui and Shao, Qi-Man and Ibrahim, Joseph
                  G},
  year =	 2012,
  publisher =	 {Springer Science \& Business Media}
}

@book{condit1998tropical,
  title =	 {Tropical forest census plots: methods and results
                  from Barro Colorado Island, Panama and a comparison
                  with other plots},
  author =	 {Condit, Richard},
  year =	 1998,
  publisher =	 {Springer Science \& Business Media}
}

@article{condit2012dataset,
  title =	 {[Dataset:] Barro Colorado Forest Census Plot Data
                  (Version 2012)},
  author =	 {Condit, Richard and Lao, Suzanne and P{\'e}rez,
                  Rolando and Dolins, Steven B and Foster, Robin and
                  Hubbell, Stephen},
  year =	 2012
}

@book{cressie1993statistics,
  title =	 {Statistics for spatial data},
  author =	 {Cressie, Noel AC},
  year =	 1993,
  publisher =	 {Wiley Online Library}
}

@book{daley2007introduction,
  title =	 {An introduction to the theory of point processes:
                  volume II: general theory and structure},
  author =	 {Daley, Daryl J and Vere-Jones, David},
  year =	 2007,
  publisher =	 {Springer Science \& Business Media}
}

@article{diggle1976statistical,
  title =	 {Statistical analysis of spatial point patterns by
                  means of distance methods},
  author =	 {Diggle, Peter J and Besag, Julian and Gleaves, J
                  Timothy},
  journal =	 {Biometrics},
  pages =	 {659--667},
  year =	 1976,
  publisher =	 {JSTOR}
}

@book{diggle2013statistical,
  title =	 {Statistical analysis of spatial and spatio-temporal
                  point patterns},
  author =	 {Diggle, Peter J},
  year =	 2013,
  publisher =	 {CRC Press}
}

@article{gelfand1994bayesian,
  title =	 {Bayesian model choice: asymptotics and exact
                  calculations},
  author =	 {Gelfand, Alan E and Dey, Dipak K},
  journal =	 {Journal of the Royal Statistical Society. Series B
                  (Methodological)},
  pages =	 {501--514},
  year =	 1994,
  publisher =	 {JSTOR}
}

@article{geng2018probabilistic,
  title =	 {Probabilistic community detection with unknown
                  number of communities},
  author =	 {Geng, Junxian and Bhattacharya, Anirban and Pati,
                  Debdeep},
  journal =	 {Journal of the American Statistical Association},
  number =	 {just-accepted},
  pages =	 {1--32},
  year =	 2018,
  publisher =	 {Taylor \& Francis}
}

@article{green1995reversible,
  title =	 {Reversible jump Markov chain Monte Carlo computation
                  and Bayesian model determination},
  author =	 {Green, Peter J},
  journal =	 {Biometrika},
  volume =	 82,
  number =	 4,
  pages =	 {711--732},
  year =	 1995,
  publisher =	 {Biometrika Trust}
}

@article{ho2008modelling,
  title =	 {Modelling marked point patterns by intensity-marked
                  Cox processes},
  author =	 {Ho, Lai Ping and Stoyan, D},
  journal =	 {Statistics \& Probability Letters},
  volume =	 78,
  number =	 10,
  pages =	 {1194--1199},
  year =	 2008,
  publisher =	 {Elsevier}
}

@article{hu2018bayesian,
  title =	 {A Bayesian spatial--temporal model with latent
                  multivariate log-gamma random effects with
                  application to earthquake magnitudes},
  author =	 {Hu, Guanyu and Bradley, Jonathan},
  journal =	 {Stat},
  volume =	 7,
  number =	 1,
  pages =	 {e179},
  year =	 2018,
  publisher =	 {Wiley Online Library}
}

@techreport{hu2019bayesianmodel,
  title =	 {New Development of Bayesian Variable Selection
                  Criteria for Spatial Point Process with
                  Applications},
  author =	 {Hu, Guanyu and Huffer, Fred and Chen, Ming-Hui},
  institution =	 {University of Connecticut, Department of Statistics},
  year =	 2019,
  number =	 {18-05}
}

@article{hubbell1999light,
  title =	 {Light-gap disturbances, recruitment limitation, and
                  tree diversity in a neotropical forest},
  author =	 {Hubbell, Stephen P and Foster, Robin B and O'Brien,
                  Sean T and Harms, Kyle E and Condit, Richard and
                  Wechsler, Beat and Wright, S Joseph and De Lao, S
                  Loo},
  journal =	 {Science},
  volume =	 283,
  number =	 5401,
  pages =	 {554--557},
  year =	 1999,
  publisher =	 {American Association for the Advancement of Science}
}

@book{illian2008statistical,
  title =	 {Statistical analysis and modelling of spatial point
                  patterns},
  author =	 {Illian, Janine and Penttinen, Antti and Stoyan,
                  Helga and Stoyan, Dietrich},
  volume =	 70,
  year =	 2008,
  publisher =	 {John Wiley \& Sons}
}

@article{leininger2017bayesian,
  title =	 {Bayesian inference and model assessment for spatial
                  point patterns using posterior predictive samples},
  author =	 {Leininger, Thomas J and Gelfand, Alan E and others},
  journal =	 {Bayesian Analysis},
  volume =	 12,
  number =	 1,
  pages =	 {1--30},
  year =	 2017,
  publisher =	 {International Society for Bayesian Analysis}
}

@article{lippiello2009time,
  title =	 {Time, space and magnitude correlations in earthquake
                  occurrence},
  author =	 {Lippiello, Eugenio and DE ARCANGELIS, Lucilla and
                  Godano, Cataldo},
  journal =	 {International Journal of Modern Physics B},
  volume =	 23,
  number =	 {28n29},
  pages =	 {5583--5596},
  year =	 2009,
  publisher =	 {World Scientific}
}

@article{miller2018mixture,
  title =	 {Mixture models with a prior on the number of
                  components},
  author =	 {Miller, Jeffrey W and Harrison, Matthew T},
  journal =	 {Journal of the American Statistical Association},
  volume =	 113,
  number =	 521,
  pages =	 {340--356},
  year =	 2018,
  publisher =	 {Taylor \& Francis}
}

@book{moller2003statistical,
  title =	 {Statistical inference and simulation for spatial
                  point processes},
  author =	 {Moller, Jesper and Waagepetersen, Rasmus Plenge},
  year =	 2003,
  publisher =	 {CRC Press}
}

@article{moller2007modern,
  title =	 {Modern statistics for spatial point processes},
  author =	 {M{\o}ller, Jesper and Waagepetersen, Rasmus P},
  journal =	 {Scandinavian Journal of Statistics},
  volume =	 34,
  number =	 4,
  pages =	 {643--684},
  year =	 2007,
  publisher =	 {Wiley Online Library}
}

@article{mrkvivcka2011spatial,
  title =	 {Spatial prediction of the mark of a
                  location-dependent marked point process: How the use
                  of a parametric model may improve prediction},
  author =	 {Mrkvi{\v{c}}ka, Tom{\'a}{\v{s}} and Goreaud,
                  Fran{\c{c}}ois and Chad{\oe}uf, Jo{\"e}l},
  journal =	 {Kybernetika},
  volume =	 47,
  number =	 5,
  pages =	 {696--714},
  year =	 2011,
  publisher =	 {Institute of Information Theory and Automation AS
                  CR}
}

@article{nasspatiotemporal,
  title =	 {Spatiotemporal Comparison of Declustered Catalogs of
                  Earthquakes in Turkey},
  author =	 {Nas, Murat and Jalilian, Abdollah and Bayrak, Yusuf},
  journal =	 {Pure and Applied Geophysics},
  pages =	 {1--19},
  publisher =	 {Springer}
}

@article{neal2000markov,
  title =	 {Markov chain sampling methods for Dirichlet process
                  mixture models},
  author =	 {Neal, Radford M},
  journal =	 {Journal of computational and graphical statistics},
  volume =	 9,
  number =	 2,
  pages =	 {249--265},
  year =	 2000,
  publisher =	 {Taylor \& Francis}
}

@article{newton1994approximate,
  title =	 {Approximate Bayesian inference with the weighted
                  likelihood bootstrap},
  author =	 {Newton, Michael A and Raftery, Adrian E},
  journal =	 {Journal of the Royal Statistical Society. Series B
                  (Methodological)},
  pages =	 {3--48},
  year =	 1994,
  publisher =	 {JSTOR}
}

@article{pitman1995exchangeable,
  title =	 {Exchangeable and partially exchangeable random
                  partitions},
  author =	 {Pitman, Jim},
  journal =	 {Probability theory and related fields},
  volume =	 102,
  number =	 2,
  pages =	 {145--158},
  year =	 1995,
  publisher =	 {Springer}
}

@article{reinhart2017review,
  title =	 {A Review of Self-Exciting Spatio-Temporal Point
                  Processes and Their Applications},
  author =	 {Reinhart, Alex},
  journal =	 {arXiv preprint arXiv:1708.02647},
  year =	 2017
}

@article{reinhart2017review,
  title =	 {A Review of Self-Exciting Spatio-Temporal Point
                  Processes and Their Applications},
  author =	 {Reinhart, Alex},
  journal =	 {arXiv preprint arXiv:1708.02647},
  year =	 2017
}

@article{rousseau2011asymptotic,
  title =	 {Asymptotic behaviour of the posterior distribution
                  in overfitted mixture models},
  author =	 {Rousseau, Judith and Mengersen, Kerrie},
  journal =	 {Journal of the Royal Statistical Society: Series B
                  (Statistical Methodology)},
  volume =	 73,
  number =	 5,
  pages =	 {689--710},
  year =	 2011,
  publisher =	 {Wiley Online Library}
}

@article{schoenberg2003multidimensional,
  title =	 {Multidimensional residual analysis of point process
                  models for earthquake occurrences},
  author =	 {Schoenberg, Frederic Paik},
  journal =	 {Journal of the American Statistical Association},
  volume =	 98,
  number =	 464,
  pages =	 {789--795},
  year =	 2003,
  publisher =	 {Taylor \& Francis}
}

@article{shirota2017approximate,
  title =	 {Approximate Bayesian Computation and Model
                  Assessment for Repulsive Spatial Point Processes},
  author =	 {Shirota, Shinichiro and Gelfand, Alan E},
  journal =	 {Journal of Computational and Graphical Statistics},
  volume =	 26,
  number =	 3,
  pages =	 {646--657},
  year =	 2017,
  publisher =	 {Taylor \& Francis}
}

@article{thurman2014variable,
  title =	 {Variable selection for spatial Poisson point
                  processes via a regularization method},
  author =	 {Thurman, Andrew L and Zhu, Jun},
  journal =	 {Statistical Methodology},
  volume =	 17,
  pages =	 {113--125},
  year =	 2014,
  publisher =	 {Elsevier}
}

@article{thurman2015regularized,
  title =	 {Regularized estimating equations for model selection
                  of clustered spatial point processes},
  author =	 {Thurman, Andrew L and Fu, Rao and Guan, Yongtao and
                  Zhu, Jun},
  journal =	 {Statistica Sinica},
  pages =	 {173--188},
  year =	 2015,
  publisher =	 {JSTOR}
}

@article{tuttle2005evidence,
  title =	 {Evidence for New Madrid earthquakes in AD 300 and
                  2350 BC},
  author =	 {Tuttle, Martitia P and Schweig, Eugene S and
                  Campbell, Janice and Thomas, Prentice M and Sims,
                  John D and Lafferty, Robert H},
  journal =	 {Seismological Research Letters},
  volume =	 76,
  number =	 4,
  pages =	 {489--501},
  year =	 2005,
  publisher =	 {GeoScienceWorld}
}

@article{yue2015variable,
  title =	 {Variable selection for inhomogeneous spatial point
                  process models},
  author =	 {Yue, Yu and Loh, Ji Meng},
  journal =	 {Canadian Journal of Statistics},
  volume =	 43,
  number =	 2,
  pages =	 {288--305},
  year =	 2015,
  publisher =	 {Wiley Online Library}
}

@article{zhang2017bayesian,
  title =	 {Bayesian model assessment in joint modeling of
                  longitudinal and survival data with applications to
                  cancer clinical trials},
  author =	 {Zhang, Danjie and Chen, Ming-Hui and Ibrahim, Joseph
                  G and Boye, Mark E and Shen, Wei},
  journal =	 {Journal of Computational and Graphical Statistics},
  volume =	 26,
  number =	 1,
  pages =	 {121--133},
  year =	 2017,
  publisher =	 {Taylor \& Francis}
}
